<?xml version="1.0" encoding="UTF-8"?><collection xmlns="http://www.loc.gov/MARC21/slim"><record><leader>00689nam--2200181-i-4500</leader><controlfield tag="001">000048799</controlfield><controlfield tag="002">20161230</controlfield><controlfield tag="005">20161230201047</controlfield><controlfield tag="008">060222s1000------------r-----000-0-eng-d</controlfield><datafield ind1=" " ind2=" " tag="040"><subfield code="a">IFIN-HH</subfield></datafield><datafield ind1=" " ind2=" " tag="080"><subfield code="a">061.3:664.8.039.58</subfield></datafield><datafield ind1="1" ind2=" " tag="110"><subfield code="a">International Atomic Energy Agency</subfield></datafield><datafield ind1="1" ind2="0" tag="245"><subfield code="a">Radiation preservation of food</subfield><subfield code="b">Proceedings of a symposium jointly organised by the international atomic energy acency and the food and agriculture organization of the united nations and held in bombay, 13-17 november 1972</subfield></datafield><datafield ind1=" " ind2=" " tag="260"><subfield code="a">Vienna</subfield><subfield code="b">Internatonal Atomic Energy Agency</subfield><subfield code="c">1973</subfield></datafield><datafield ind1=" " ind2=" " tag="300"><subfield code="a">774P</subfield></datafield><datafield ind1=" " ind2=" " tag="490"><subfield code="a">Proceedings Series</subfield></datafield><datafield ind1=" " ind2=" " tag="852"><subfield code="a">39125</subfield><subfield code="c">539.12.04</subfield></datafield><datafield ind1=" " ind2=" " tag="CAT"><subfield code="a">Sys</subfield><subfield code="c">20120207</subfield><subfield code="h">151810</subfield></datafield></record></collection>